@online{shm_lorenz,
  author = {Phantanimations},
  title = {Why Runge-Kutta is SO Much Better Than Euler's Method},
  year = {2023},
  note = {YouTube Video},
  url = {https://youtu.be/dShtlMl69kY}
}

@online{rk_integrators,
  author = {Steve Brunton},
  title = {Runge-Kutta Integrators},
  year = {2023},
  note = {YouTube Video},
  url = {https://youtu.be/HOWJp8NV5xU}
}

@book{numerical_methods,
  author = {Butcher, J. C.},
  title = {Numerical Methods for Ordinary Differential Equations},
  year = {2008},
  publisher = {John Wiley \& Sons}
}



